
@misc{V8website,
	title ="{V8 JavaScript Engine}",
	howpublished ="https://developers.google.com/v8",
}

@inproceedings{parallelJS,
	author = {Jin Wang and Norman Runbin and Sudhakar Yalamanch},
	title = {ParallelJS: An Execution Framework for JavaScript on Heterogeneous Systems},
	booktitle = {GPGPU-7},
	year = {2014},
	pages = {9999-999},
}
